%
%  all.bib     June 3, 2002     Mark Senn
%
%  This is the BibTeX data file for a simple, example thesis.
%
%  I like to order the entries by author, and within author by year.
%  If, for example, I later added a second 1994 publication for Goossens,
%  I would give it the key, ``Goossens:1994b''.
%  
@book{hastie1990generalized,
  title={Generalized additive models},
  author={Hastie, Trevor J and Tibshirani, Robert J},
  volume={43},
  year={1990},
  publisher={CRC Press}
}

@article{cleveland1991computational,
  title={Computational methods for local regression},
  author={Cleveland, William S and Grosse, Eric},
  journal={Statistics and Computing},
  volume={1},
  number={1},
  pages={47--62},
  year={1991},
  publisher={Springer}
}

@article{cleveland1994coplots,
  title={Coplots, nonparametric regression, and conditionally parametric fits},
  author={Cleveland, William S},
  journal={Lecture Notes-Monograph Series},
  pages={21--36},
  year={1994},
  publisher={JSTOR}
}

@article{cleveland1992local,
  title={Local regression models},
  author={Cleveland, William S and Grosse, Eric and Shyu, William M},
  journal={Statistical models in S},
  pages={309--376},
  year={1992},
  publisher={Pacific Grove}
}

@article{fotheringhamGWR,
  title={Geographically weighted regression: a natural evolution of the expansion method for spatial data analysis},
  author={Fotheringham, Stewart and Charlton, Martin and Brunsdon, Chris},
  journal={Environment and planning A},
  volume={30},
  number={11},
  pages={1905--1927},
  year={1998},
  publisher={Pion}
}

@article{banerjee2005geodetic,
  title={On geodetic distance computations in spatial modeling},
  author={Banerjee, Sudipto},
  journal={Biometrics},
  volume={61},
  number={2},
  pages={617--625},
  year={2005},
  publisher={Wiley Online Library}
}

@article{brockwell2002introduction,
  title={Introduction to time series and forecasting, Springer-Verlag},
  author={Brockwell, Peter J and Davis, Richard A},
  journal={Inc., New York},
  year={2002}
}

@misc{greatcircle,
title = {Great-circle Distance},
howpublished = "\url{https://en.wikipedia.org/wiki/Great-circle_distance}"
}

@misc{coldsunday,
title = {Cold Sunday},
howpublished = "\url{https://en.wikipedia.org/wiki/Cold_Sunday}"
}

@misc{stl2,
title = {R package: stlplus},
howpublished = "\url{https://github.com/hafen/stlplus}"
}

@misc{USDA,
title = {USDA-NRSC: United States Department of Agriculture Natural Resources Conservation Service},
howpublished = "\url{http://www.nrcs.usda.gov/wps/portal/nrcs/site/national/home/}"
}

@misc{NCEI,
title = {NCDC: National Climatic Data Center},
howpublished = "\url{http://www.ncdc.noaa.gov}"
}

@misc{COOP,
title = {NOAA: National Oceanic and Atmospheric Administration},
howpublished = "\url{http://www.ncdc.noaa.gov/data-access/land-based-station-data/land-based-datasets/cooperative-observer-network-coop}"
}

@misc{SNOTEL,
title = {NRSC: Natural Resources Conservation Service},
howpublished = "\url{http://www.wcc.nrcs.usda.gov/snow/}"
}

@misc{USHCN,
title = {NOAA: National Oceanic and Atmospheric Administration},
howpublished = "\url{http://www.ncdc.noaa.gov/data-access/land-based-station-data/land-based-datasets/us-historical-climatology-network-ushcn}"
}

@misc{MRCC,
title = {MRCC: Midwestern Regional Climate Center},
howpublished = "\url{http://mrcc.isws.illinois.edu/data_serv/dataTypes.jsp}"
}

@misc{R,
title = {R Core Team et al.},
howpublished = "R: A Language and Environment for Statistical Computing",
year = {2012}
}

@misc{hadoop,
title = {Apache Hadoop},
howpublished = "\url{http://hadoop.apache.org/}"
}

@misc{data,
title = {IMAGe: Institude for Mathematics Applied to Geosciences},
howpublished = "\url{https://www.image.ucar.edu/pub/}"
}


@inproceedings{HDFS,
  title={The Google file system},
  author={Ghemawat, Sanjay and Gobioff, Howard and Leung, Shun-Tak},
  booktitle={ACM SIGOPS operating systems review},
  volume={37},
  number={5},
  pages={29--43},
  year={2003},
  organization={ACM}
}

@article{mapreduce,
  title={MapReduce: simplified data processing on large clusters},
  author={Dean, Jeffrey and Ghemawat, Sanjay},
  journal={Communications of the ACM},
  volume={51},
  number={1},
  pages={107--113},
  year={2008},
  publisher={ACM}
}

@article{Guha:2010,
  title={Computing environment for the statistical analysis of large and complex data},
  author={Guha, Saptarshi},
  year={2010},
  publisher={Purdue University}
}

@article{Guha:2012,
  title={Large complex data: divide and recombine (d\&r) with rhipe},
  author={Guha, Saptarshi and Hafen, Ryan and Rounds, Jeremiah and Xia, Jin and Li, Jianfu and Xi, Bowei and Cleveland, William S},
  journal={Stat},
  volume={1},
  number={1},
  pages={53--67},
  year={2012},
  publisher={Wiley Online Library}
}


@article{Cleveland:1990,
  title={STL: A seasonal-trend decomposition procedure based on loess},
  author={Cleveland, Robert B and Cleveland, William S and McRae, Jean E and Terpenning, Irma},
  journal={Journal of Official Statistics},
  volume={6},
  number={1},
  pages={3--73},
  year={1990},
  publisher={Statistics Sweden (SCB)}
}


@article{Cleveland:1979,
  title={Robust locally weighted regression and smoothing scatterplots},
  author={Cleveland, William S},
  journal={Journal of the American statistical association},
  volume={74},
  number={368},
  pages={829--836},
  year={1979},
  publisher={Taylor \& Francis Group}
}

@inproceedings{Hafen:2013,
  title={Trelliscope: a system for detailed visualization in the deep analysis of large complex data},
  author={Hafen, Ryan and Gosink, Luke and McDermott, Jason and Rodland, Karin and Dam, Kerstin Kleese-van and Cleveland, William S},
  booktitle={Large-Scale Data Analysis and Visualization (LDAV), 2013 IEEE Symposium on},
  pages={105--112},
  year={2013},
  organization={IEEE}
}


