%
%  all.bib     June 3, 2002     Mark Senn
%
%  This is the BibTeX data file for a simple, example thesis.
%
%  I like to order the entries by author, and within author by year.
%  If, for example, I later added a second 1994 publication for Goossens,
%  I would give it the key, ``Goossens:1994b''.
%  
@misc{USDA,
title = {USDA-NRSC: United States Department of Agriculture Natural Resources Conservation Service},
howpublished = "\url{http://www.nrcs.usda.gov/wps/portal/nrcs/site/national/home/}"
}

@misc{NCEI,
title = {NCDC: National Climatic Data Center},
howpublished = "\url{http://www.ncdc.noaa.gov}"
}

@misc{COOP,
title = {NOAA: National Oceanic and Atmospheric Administration},
howpublished = "\url{http://www.ncdc.noaa.gov/data-access/land-based-station-data/land-based-datasets/cooperative-observer-network-coop}"
}

@misc{SNOTEL,
title = {NRSC: Natural Resources Conservation Service},
howpublished = "\url{http://www.wcc.nrcs.usda.gov/snow/}"
}

@misc{USHCN,
title = {NOAA: National Oceanic and Atmospheric Administration},
howpublished = "\url{http://www.ncdc.noaa.gov/data-access/land-based-station-data/land-based-datasets/us-historical-climatology-network-ushcn}"
}

@misc{MRCC,
title = {MRCC: Midwestern Regional Climate Center},
howpublished = "\url{http://mrcc.isws.illinois.edu/data_serv/dataTypes.jsp}"
}


@article{Guha:2012,
author = {Guha, Saptarshi and Hafen, Ryan and Rounds, Jeremiah and Xia, Jin and Li, Jianfu and Xi, Bowei and Cleveland, William S.},
title  = {Large {C}omplex {D}ata: Divide and {R}ecombine ({D}\&{R}) with {RHIPE}},
journal = {Stat},
volume = {1(1)},
year = {2012},
pages = {53-67}
}

@article{Cleveland:1990,
author = {Robert B. Cleveland and William S. Cleveland and Jean E. McRae and Irma Terpenning},
title  = {{STL}: A {S}easonal-{T}rend {D}ecomposition {P}rocedure {B}ased on {L}oess},
journal = {Journal of {O}fficial {S}tatistics},
volume = {6(1)},
year = {1990},
pages = {3-73}
}

@article{Cleveland:1979,
author = {William S. Cleveland},
title  = {Robust {L}ocally {W}eighted {R}egression and {S}moothing {S}catterplots},
journal = {Journal of the {A}merican {S}tatistical {A}ssociation},
volume = {74(368)},
year = {1979},
pages = {829-836}
}

@Book{Goossens:1994,
author    = {Michel Goossens and Frank Mittelbach and Alexander Samarin},
title     = {The {\LaTeX} Companion},
publisher = {Addison-Wesley},
address   = {Reading Massachusetts},
year      = 1994}

@Book{Kopka:1995,
author    = {Helmut Kopka and Patrick W. Daly},
title     = {A Guide to {\LaTeX}
            : Document Preparation for Beginners and Advanced Users},
edition   = {Second},
publisher = {Addison-Wesley},
address   = {Reading Massachusetts},
year      = 1995}

@Book{Kopka:1999,
author    = {Helmut Kopka and Patrick W. Daly},
title     = {A Guide to {\LaTeX},
            : Document Preparation for Beginners and Advanced Users},
edition   = {Third},
publisher = {Addison-Wesley},
address   = {Reading Massachusetts},
year      = 1999}

@Book{Lamport:1994,
author    = {Leslie Lamport},
title     = {{\LaTeX}: A Document Preparation System},
publisher = {Addison-Wesley},
address   = {Reading Massachusetts},
year      = 1994}
